% This file was created with JabRef 2.9.2.
% Encoding: UTF-8

@ARTICLE{Mukamel2009,
  author = {Mukamel, Eran A. and Nimmerjahn, Axel and Schnitzer, Mark J.},
  title = {Automated Analysis of Cellular Signals from Large-Scale Calcium Imaging Data},
  journal = {Neuron},
  year = {2009},
  volume = {63},
  pages = {747--760},
  month = sep
}

@ARTICLE{Ghosh2011,
  author = {Ghosh, Kunal K. and Burns, Laurie D. and Cocker, Eric D. and Nimmerjahn, Axel and Ziv, Yaniv and Gamal, Abbas El and Schnitzer, Mark J.},
  title = {Miniaturized integration of a ï¬‚uorescence microscope},
  journal = {Nature Methods},
  year = {2011},
  volume = {8},
  pages={871--878},
  publisher={Nature Publishing Group}
}

@ARTICLE{Tamura1978,
  author = {Tamura, H. and Mori, S. and Yamawaki, T.},
  title = {Textural Features Corresponding to Visual Perception},
  journal = {IEEE Transactions on Systems, Man, and Cybernetics},
  year = {1978},
  volume = {SMC-8},
  pages = {460--472},
  month = jun
}

@ARTICLE{Kim2011,
  author = {Kim, Tony H. and Kitch, Lacey},
  title = {Neuron Detection and Decoding in Fluorescence Microscopy},
  journal = {CS229 Class Project},
  year = {2011}
}

@article{Kapp01012007,
author = {Kapp, Amy V. and Tibshirani, Robert}, 
title = {Are clusters found in one dataset present in another dataset?},
volume = {8}, 
number = {1}, 
pages = {9-31}, 
year = {2007}, 
journal = {Biostatistics} 
}