% This file was created with JabRef 2.9.2.
% Encoding: UTF-8

@ARTICLE{Mukamel2009,
  author = {Mukamel, Eran A. and Nimmerjahn, Axel and Schnitzer, Mark J.},
  title = {Automated Analysis of Cellular Signals from Large-Scale Calcium Imaging
	Data},
  journal = {Neuron},
  year = {2009},
  volume = {63},
  pages = {747--760},
  month = sep
}

